<record><leader>00000cas a2200000 a 4500</leader><controlfield tag="001">10498365</controlfield><controlfield tag="008">840308d18181819pauwr ne      0    0eng d</controlfield><datafield ind1=" " ind2=" " tag="010"><subfield code="a">sn 84026517 </subfield></datafield><datafield ind1=" " ind2=" " tag="040"><subfield code="a">NPU</subfield><subfield code="b">eng</subfield><subfield code="c">NPU</subfield><subfield code="d">NPH</subfield><subfield code="d">NPY</subfield><subfield code="d">DLC</subfield><subfield code="d">KNP</subfield><subfield code="d">WAU</subfield><subfield code="d">OCL</subfield><subfield code="d">OCLCF</subfield><subfield code="d">OCLCO</subfield></datafield><datafield ind1="1" ind2=" " tag="029"><subfield code="a">AU@</subfield><subfield code="b">000020120657</subfield></datafield><datafield ind1=" " ind2=" " tag="042"><subfield code="a">msc</subfield></datafield><datafield ind1="0" ind2="4" tag="245"><subfield code="a">The Genius of liberty and American telegraph.</subfield></datafield><datafield ind1="1" ind2="3" tag="246"><subfield code="a">Genius of liberty</subfield></datafield><datafield ind1=" " ind2=" " tag="260"><subfield code="a">Union [Uniontown], Pa. :</subfield><subfield code="b">Bouvier &amp; Austin,</subfield><subfield code="c">1818-</subfield></datafield><datafield ind1=" " ind2=" " tag="300"><subfield code="a">v. ;</subfield><subfield code="c">46 cm.</subfield></datafield><datafield ind1=" " ind2=" " tag="310"><subfield code="a">Weekly</subfield></datafield><datafield ind1="0" ind2=" " tag="362"><subfield code="a">Vol. 1, no. 1 (Apr. 4, 1818)-</subfield></datafield><datafield ind1="1" ind2=" " tag="362"><subfield code="a">Ceased in Apr. 1819.</subfield><subfield code="z">Cf. Brigham, C.S.  Amer. newspapers.</subfield></datafield><datafield ind1=" " ind2=" " tag="500"><subfield code="a">Published every Saturday.</subfield></datafield><datafield ind1=" " ind2="0" tag="651"><subfield code="a">Uniontown (Fayette County, Pa.)</subfield><subfield code="v">Newspapers.</subfield></datafield><datafield ind1=" " ind2="7" tag="655"><subfield code="a">Newspapers.</subfield><subfield code="2">fast</subfield><subfield code="0">(OCoLC)fst01423814</subfield></datafield><datafield ind1=" " ind2="7" tag="651"><subfield code="a">Pennsylvania</subfield><subfield code="z">Uniontown (Fayette County)</subfield><subfield code="2">fast</subfield><subfield code="0">(OCoLC)fst01312497</subfield></datafield><datafield ind1=" " ind2=" " tag="752"><subfield code="a">United States</subfield><subfield code="b">Pennsylvania</subfield><subfield code="c">Fayette</subfield><subfield code="d">Uniontown.</subfield></datafield><datafield ind1=" " ind2=" " tag="752"><subfield code="a">United States</subfield><subfield code="b">Pennsylvania</subfield><subfield code="c">Fayette</subfield><subfield code="d">Union.</subfield></datafield><datafield ind1="0" ind2="4" tag="780"><subfield code="t">American telegraph (Brownsville, Pa.)</subfield><subfield code="w">(DLC)sn 83032057</subfield></datafield><datafield ind1="0" ind2="4" tag="780"><subfield code="t">Genius of liberty and Fayette advertiser</subfield><subfield code="w">(DLC)sn 85054556</subfield><subfield code="w">(OCoLC)11999123</subfield></datafield><datafield ind1="0" ind2="0" tag="785"><subfield code="t">Genius of liberty (Uniontown, Pa. : 1819)</subfield><subfield code="w">(DLC)sn 84026510</subfield><subfield code="w">(OCoLC)10498345</subfield></datafield></record>